<record><leader>00000cas a2200000 a 4500</leader><controlfield tag="001">51688788</controlfield><controlfield tag="008">030220d18391839nyuwr ne      0    0eng c</controlfield><datafield ind1=" " ind2=" " tag="010"><subfield code="a">  2003221078</subfield></datafield><datafield ind1=" " ind2=" " tag="040"><subfield code="a">ATL</subfield><subfield code="b">eng</subfield><subfield code="c">ATL</subfield><subfield code="d">OCLCQ</subfield><subfield code="d">OCLCF</subfield><subfield code="d">OCLCO</subfield></datafield><datafield ind1="1" ind2=" " tag="029"><subfield code="a">AU@</subfield><subfield code="b">000024455837</subfield></datafield><datafield ind1=" " ind2=" " tag="042"><subfield code="a">pcc</subfield></datafield><datafield ind1=" " ind2=" " tag="043"><subfield code="a">n-us-ny</subfield></datafield><datafield ind1=" " ind2="4" tag="050"><subfield code="a">BX6201</subfield></datafield><datafield ind1="0" ind2=" " tag="130"><subfield code="a">American Baptist (New York, N.Y.)</subfield></datafield><datafield ind1="1" ind2="0" tag="245"><subfield code="a">American Baptist.</subfield></datafield><datafield ind1=" " ind2=" " tag="260"><subfield code="a">New York :</subfield><subfield code="b">Peter Relyea,</subfield><subfield code="c">1839.</subfield></datafield><datafield ind1=" " ind2=" " tag="300"><subfield code="a">1 no.</subfield></datafield><datafield ind1=" " ind2=" " tag="310"><subfield code="a">Weekly</subfield></datafield><datafield ind1="0" ind2=" " tag="362"><subfield code="a">Old ser., v. 11, no. 14 (Nov. 29, 1839) = new ser., v. 1, no. 1.</subfield></datafield><datafield ind1=" " ind2=" " tag="515"><subfield code="a">No more published?</subfield></datafield><datafield ind1=" " ind2=" " tag="530"><subfield code="a">Also issued on microfilm by American Theological Library Association.</subfield></datafield><datafield ind1=" " ind2="0" tag="650"><subfield code="a">Baptists</subfield><subfield code="v">Periodicals.</subfield></datafield><datafield ind1=" " ind2="7" tag="655"><subfield code="a">Periodicals.</subfield><subfield code="2">fast</subfield><subfield code="0">(OCoLC)fst01411641</subfield></datafield><datafield ind1=" " ind2="7" tag="650"><subfield code="a">Baptists.</subfield><subfield code="2">fast</subfield><subfield code="0">(OCoLC)fst00827285</subfield></datafield><datafield ind1=" " ind2=" " tag="752"><subfield code="a">United States</subfield><subfield code="b">New York</subfield><subfield code="c">New York</subfield><subfield code="d">New York.</subfield></datafield><datafield ind1="1" ind2=" " tag="776"><subfield code="c">Microfilm</subfield><subfield code="d">American Theological Library Association</subfield><subfield code="w">(DLC)  2003221079</subfield><subfield code="w">(OCoLC)48672417</subfield></datafield><datafield ind1="0" ind2="0" tag="780"><subfield code="t">Gospel witness (New York, N.Y.)</subfield><subfield code="w">(DLC)sn 87060201</subfield><subfield code="w">(OCoLC)15523447</subfield></datafield></record>